@article{billings2002,
    author      = "Billings, D and Davidson, A and Schaeffer, J and Szafron, D",
    title       = "The challenge of poker",
    year        = "2002",
    journal     = "Artificial Intelligence",
    volume      = "134",
    number      = "1-2",
    pages       = "201--240"
}

@article{rubin2011,
    author      = "Rubin, J and Watson, I",
    title       = "Computer poker: A review",
    year        = "2011",
    journal     = "Articial Intelligence",
    volume      = "175",
    number      = "5-6",
    pages       = "958--987"
}

@article{sandholm2010,
    author      = "Sandholm, T",
    title       = "The State of Solving Large Incomplete-Information Game, and Application to Poker",
    year        = "2010",
    journal     = "AI Magazine",
    volume      = "31",
    number      = "4",
    pages       = "13--32"
}

@conference{billings1999,
    author      = "Billings, D and Pena, L and Schaeffer, J and Szafron, D",
    title       = "Using probabilistic knowledge and simulation to play poker",
    booktitle   = "Sixteenth National Conference on Artificial Intelligence",
    year        = "1999",
    publisher   = "American Association for Artificial Intelligence",
    pages       = "697--703"
}

@conference{watson2008,
    author      = "Watson, I and Rubin, J",
    title       = "CASPER: A Case-Based Poker-Bot",
    booktitle   = "Lecture Notes in Artificial Intelligence",
    year        = "2008",
    publisher   = "Springer-Verlag",
    volume      = "5360",
    pages       = "594--600"
}

@conference{korb1999,
    author      = "Korb, KB and Nicholson, AE and Jitnah, N",
    title       = "Bayesian poker",
    booktitle   = "Uncertainty in Artificial Intelligence, Proceedings",
    year        = "1999",
    publisher   = "Morgan Kaufmann Publishers",
    pages       = "343--350"
}

@conference{teofilo2011,
    author      = "Teofilo, LF and Reis, LP",
    title       = "Building a No Limit Texas Hold'em Poker Agent Based on Game Logs Using Supervised Learning",
    booktitle   = "Lecture Notes in Artificial Intelligence",
    year        = "2011",
    publisher   = "Springer-Verlag",
    volume      = "6752",
    pages       = "73--82"
}

@conference{bohannon2006,
    author      = "Bohannon, A and Pierce, BC and Vaughan, JA",
    title       = "Relation lenses: A language for updatable views",
    booktitle   = "Proceedings of the ACM SIGACT-SIGMOD-SIGART Symposium on Principles of Database Systems",
    year        = "2006",
    publisher   = "Association for Computing Machinery",
    pages       = "338--347"
}

@conference{benton2000,
    author      = "Benton, N and Hughes, J and Moggi, E",
    title       = "Monads and effects",
    booktitle   = "Lecture Notes in Computer Science",
    year        = "2000",
    publisher   = "Springer-Verlag",
    pages       = "42--122"
}

@article{davi2010,
    author      = "Davi, BMJ and Cretin, J and Greenberg, FN and Pierce, BC",
    title       = "Matching Lenses: Alignment and View Update",
    year        = "2010",
    journal     = "ACM SIGPLAN Notices",
    volume      = "45",
    number      = "9",
    pages       = "193--204"
}

@conference{abou-saleh2015,
    author      = "Abou-Saleh, F and Cheney, J and Gibbons, J",
    title       = "Notions of Bidirectional Computation and Entangled State Monads",
    booktitle   = "Lecture Notes in Computer Science",
    year        = "2015",
    publisher   = "Springer-Verlag",
    volume      = "9129",
    pages       = "187--214"
}

@conference{billings1998,
    author      = "Billings, D and Papp, D and Schaeffer, J and Szafron, D",
    title       = "Opponent modeling in poker",
    booktitle   = "Fifteenth National Conference on Artificial Intelligence",
    year        = "1998",
    publisher   = "American Association for Artificial Intelligence",
    pages       = "493--499"
}

@conference{davidson2000,
    author      = "Davidson, A and Billings, D and Schaeffer, J and Szafron, D",
    title       = "Improved opponent modeling in poker",
    booktitle   = "Proceedings of the International Conference on Artificial Intelligence",
    year        = "2000",
    publisher   = "CSREA Press",
    volume      = "1-III",
    pages       = "1467--1473"
}

@article{hudak1992,
    author      = "Hudak, P and Jones, SP and Wadler, P and Boutel, B and Fairbairn, J and Fasel, J and Guzm√°n, MM and Hammond, K and Hughes, J and Johnsson, T and Kieburtz, D and Nikhil, R and Partain, W and Peterson, J",
    title       = "Report on the Programming Language Haskell: A Non-strict, Purely Functional Language Version 1.2",
    year        = "1992",
    journal     = "SIGPLAN Not.",
    volume      = "27",
    number      = "5",
    pages       = "1--164"
}

@book{knuth1997,
    author      = "Knuth, DE",
    title       = "The Art of Computer Programming, Volume 2 (3rd Edition): Seminumerical Algorithms",
    year        = "1997",
    edition     = "3",
    publisher   = "Addison-Wesley Longman Publishing Co., Inc."
}
